
@article{doi:10.1137/S0036144500378302,
author = {Higham., D.},
title = {An Algorithmic Introduction to Numerical Simulation of Stochastic Differential Equations},
journal = {SIAM Review},
volume = {43},
number = {3},
pages = {525-546},
year = {2001},
doi = {10.1137/S0036144500378302},
URL = { 
        http://dx.doi.org/10.1137/S0036144500378302
    
},
eprint = { 
        http://dx.doi.org/10.1137/S0036144500378302
    
}
}

@article{Dikerogammarus,
year={2009},
issn={1386-2588},
journal={Aquatic Ecology},
volume={43},
number={2},
doi={10.1007/s10452-008-9206-7},
title={Mutual predation between and cannibalism within several freshwater gammarids: Dikerogammarus villosus versus one native and thr
ee invasives},
url={http://dx.doi.org/10.1007/s10452-008-9206-7},
publisher={Springer Netherlands},
keywords={Invasive gammarids; Dikerogammarus; Intraguild predation; Laboratory experiments; 1:1 combinations; Cannibalism; Distributio
n},
author={Kinzler, Werner and Kley, Axel and Mayer, Gerd and Waloszek, Dieter and Maier, Gerhard},
pages={457-464},
language={English}
}


@article{doi:10.1146/annurev.es.20.110189.001501,
author = {Polis, G A and Myers, C A and Holt, R D},
title = {The Ecology and Evolution of Intraguild Predation: Potential Competitors That Eat Each Other},
journal = {Annual Review of Ecology and Systematics},
volume = {20},
number = {1},
pages = {297-330},
year = {1989},
doi = {10.1146/annurev.es.20.110189.001501},

URL = { 
        http://dx.doi.org/10.1146/annurev.es.20.110189.001501
    
},
eprint = { 
        http://dx.doi.org/10.1146/annurev.es.20.110189.001501
    
}

}

